@book{james2013introduction,
  title={An introduction to statistical learning},
  author={James, Gareth and Witten, Daniela and Hastie, Trevor and Tibshirani, Robert},
  volume={112},
  year={2013},
  publisher={Springer}
}

@book{friedman2001elements,
	title={The elements of statistical learning},
	author={Friedman, Jerome and Hastie, Trevor and Tibshirani, Robert},
	volume={1},
	number={10},
	year={2001},
	publisher={Springer series in statistics New York}
}

@article{van2015lecture,
	title={Lecture notes on ridge regression},
	author={van Wieringen, Wessel N},
	journal={arXiv preprint arXiv:1509.09169},
	year={2015}
}
