@book{james2013introduction,
  title={An introduction to statistical learning},
  author={James, Gareth and Witten, Daniela and Hastie, Trevor and Tibshirani, Robert},
  volume={112},
  year={2013},
  publisher={Springer}
}

@book{friedman2001elements,
	title={The elements of statistical learning},
	author={Friedman, Jerome and Hastie, Trevor and Tibshirani, Robert},
	volume={1},
	number={10},
	year={2001},
	publisher={Springer series in statistics New York}
}

@book{murphy2012machine,
	title={Machine learning: a probabilistic perspective},
	author={Murphy, Kevin P},
	year={2012},
	publisher={MIT press}
}


@book{lay2016linear,
	title={Linear algebra and its applications},
	author={Lay, David C and Lay, Steven R and McDonald, Judi J},
	year={2016},
	publisher={Pearson}
}

@article{van2015lecture,
	title={Lecture notes on ridge regression},
	author={van Wieringen, Wessel N},
	journal={arXiv preprint arXiv:1509.09169},
	year={2015}
}

@misc{fys-stk4155-notes,
	title        = {FYS-STK4155 Applied Data Analysis and Machine Learning, Lecture notes Fall 2020},
	author       = {Morten Hjort-Jensen}, 
	address      = {University of Oslo},
	month        = {[Online; accessed 11-November-2020]},
	year         = 2020,
	howpublished = {https://compphysics.github.io/MachineLearning/doc/web/course.html}
}

@misc{assignment,
	title        = {FYS-STK4155 Applied Data Analysis and Machine Learning, Project 2},
	author       = {Morten Hjort-Jensen}, 
	address      = {University of Oslo},
	month        = {[Online; accessed 11-November-2020]},
	year         = 2020,
	howpublished = {https://compphysics.github.io/MachineLearning/doc/Projects/2020/Project2/html/Project2.html}
}

@misc{geo-data,
	title        = {United States Geological Survey},
	month        = {[Online; accessed 01-October-2020]},
	howpublished = {https://earthexplorer.usgs.gov/}
}

@misc{uci,
	title        = {Univeristy of California, Irvine},
	month        = {[Online; accessed 05-November-2020]},
	howpublished = {https://archive.ics.uci.edu/ml/datasets/banknote+authentication}
}