@book{james2013introduction,
  title="{An introduction to statistical learning}",
  author={James, Gareth and Witten, Daniela and Hastie, Trevor and Tibshirani, Robert},
  volume={112},
  year={2013},
  publisher={Springer}
}

@book{friedman2001elements,
	title="{The elements of statistical learning}",
	author={Friedman, Jerome and Hastie, Trevor and Tibshirani, Robert},
	volume={1},
	number={10},
	year={2001},
	publisher={Springer series in statistics New York}
}

@book{murphy2012machine,
	title="{Machine learning: a probabilistic perspective}",
	author={Murphy, Kevin P},
	year={2012},
	publisher={MIT press, Cambridge, Massachusetts}
}


@book{lay2016linear,
	title="{Linear Algebra and its Applications}",
	author={Lay, David C and Lay, Steven R and McDonald, Judi J},
	year={2016},
	publisher={Pearson}
}

@book{geron2019hands,
	title="{Hands-on machine learning with Scikit-Learn, Keras, and TensorFlow: Concepts, tools, and techniques to build intelligent systems}",
	author={G{\'e}ron, Aur{\'e}lien},
	year={2019},
	publisher={O'Reilly Media, Sebastopol, California}
}


@book{hoyland2003,
	title="{System Reliability Theory: Models and Statistical Methods, Second Edition}",
	author="{Hoyland, Arnljot and Rausand, Marvin}",
	year={2003},
	publisher={John Wiley \& Sons, Hoboken, New Jersey}
}

@book{hubert2002,
	title="{Electric Machines: Theory Operation Applications Adjustment and Control, Second Edition}",
	author={Hubert, Charles I},
	year={2002},
	publisher={Prentice-Hall, Upper-Saddle River, New Jersey}
}

@book{shumway2017,
	title="{Time Series Analysis and its Applications, Fourth Edition}",
	author={Shumway, Robert and Stoffer, David},
	year={2017},
	publisher={Springer International Publishing AG, Cham, Switzerland}
}

@standard{iec60076-12,
	title="{Power Transformers -- Part 12: Loading Guide for Dry-Type Power Transformers}",
	author={IEC 60076-12 edition 1.0 2008-11},
	year={2008},
	publisher={International Electrotechnical Commission}
}

@article{van2015lecture,
	title={Lecture notes on ridge regression},
	author={van Wieringen, Wessel N},
	journal={arXiv preprint arXiv:1509.09169},
	year={2015}
}

@misc{fys-stk4155-notes,
	title        = "{FYS-STK4155 Applied Data Analysis and Machine Learning, Lecture notes Fall 2020}",
	author       = {Morten Hjort-Jensen}, 
	address      = {University of Oslo},
	year        = {[Online; accessed 11-November-2020]},
	howpublished = "\url{https://compphysics.github.io/MachineLearning/doc/web/course.html}"
}

@misc{abb-url,
	author       = {ABB AS}, 
	address      = {ABB AS},
	year        = {[Online; accessed 10-December-2020]},
	howpublished = "\url{https://new.abb.com/no}"
}

@misc{assignment,
	title        = "{FYS-STK4155 Applied Data Analysis and Machine Learning, Project 2}",
	author       = {Morten Hjort-Jensen}, 
	address      = {University of Oslo},
	year        = {[Online; accessed 11-November-2020]},
	howpublished = "\url{https://compphysics.github.io/MachineLearning/doc/Projects/2020/Project2/html/Project2.html}"
}

@misc{project1,
	title        = "{FYS-STK4155 H20 - Project1; An Assessment of OLS, Ridge and LASSO Regression on Areally Distributed Data}",
	author       = {Olav FÃ¸nstelien}, 
	address      = {University of Oslo},
	year        = {[Online; accessed 11-November-2020]},
	howpublished = "\url{https://github.com/fonstelien/FYS-STK4155/blob/master/project1/project1.pdf}"
}


@misc{geo-data,
	title        = "{United States Geological Survey}",
	year        = {[Online; accessed 01-October-2020]},
	howpublished = "\url{https://earthexplorer.usgs.gov/}"
}

@misc{skl,
	title        = "{scikit-learn 0.23.2, SGDRegressor class}",
	year        = {[Online; accessed 11-November-2020]},
	howpublished = "\url{https://scikit-learn.org/stable/modules/generated/sklearn.linear_model.SGDRegressor.html}"
}

@misc{skl-datasets,
	title        = "{scikit-learn 0.23.2, sklearn.datasets}",
	year        = {[Online; accessed 12-November-2020]},
	howpublished = "\url{https://scikit-learn.org/stable/modules/classes.html#module-sklearn.datasets}"
}

@misc{uci,
	title        = "{Univeristy of California, Irvine}",
	year        = {[Online; accessed 05-November-2020]},
	howpublished = "\url{https://archive.ics.uci.edu/ml/datasets/banknote+authentication}"
}

@misc{mnist,
	title        = "{The MNIST Database}",
	author       = "{Yann LeCun, Corinna Cortes, and Christopher J.C. Burges}", 
	year        = {[Online; accessed 13-November-2020]},
	howpublished = "\url{http://yann.lecun.com/exdb/mnist/}"
}